@misc{web:dacwrite,
  title       = {Moduły S3EStarter - DACWrite},
  url         = {http://www.zsk.ict.pwr.wroc.pl/zsk_ftp/fpga/#_Toc479592717},
  author      = {Sugier, Jarosław},
  institution = {Zespół Systemów Komputerowych}
}

@misc{web:freqchart,
  author      = {Michigan Technological University},
  title       = {Frequencies for equal-tempered scale, A4 = 440 Hz},
  url         = {https://pages.mtu.edu/~suits/notefreqs.html},
  institution = {Michigan Technological University}
}

@misc{web:ps2kbd,
  title       = {Moduły S3EStarter - PS2\_Kbd},
  url         = {http://www.zsk.ict.pwr.wroc.pl/zsk_ftp/fpga/#_Toc479592711},
  author      = {Sugier, Jarosław},
  institution = {Zespół Systemów Komputerowych}
}

 @misc{web:sdcfilereader,
  title       = {Moduły S3EStarter - SDC\_FileReader},
  url         = {http://www.zsk.ict.pwr.wroc.pl/zsk_ftp/fpga/#_Toc479592721},
  author      = {Sugier, Jarosław},
  institution = {Zespół Systemów Komputerowych}
}

 @misc{web:ug230,
  title       = {Spartan-3E FPGA Starter Kit Board User Guide},
  url         = {https://www.xilinx.com/support/documentation/boards_and_kits/ug230.pdf},
  institution = {Xilinx}
}
 
